@article{krizhevsky2012imagenet,
  title={Imagenet classification with deep convolutional neural networks},
  author={Krizhevsky, Alex and Sutskever, Ilya and Hinton, Geoffrey E},
  journal={Advances in neural information processing systems},
  volume={25},
  year={2012}
}

@article{lipton2015critical,
  title={A critical review of recurrent neural networks for sequence learning},
  author={Lipton, Zachary C and Berkowitz, John and Elkan, Charles},
  journal={arXiv preprint arXiv:1506.00019},
  year={2015}
}

@article{vaswani2017attention,
  title={Attention is all you need},
  author={Vaswani, Ashish and Shazeer, Noam and Parmar, Niki and Uszkoreit, Jakob and Jones, Llion and Gomez, Aidan N and Kaiser, {\L}ukasz and Polosukhin, Illia},
  journal={Advances in neural information processing systems},
  volume={30},
  year={2017}
}

@article{dosovitskiy2020image,
  title={An image is worth 16x16 words: Transformers for image recognition at scale},
  author={Dosovitskiy, Alexey and Beyer, Lucas and Kolesnikov, Alexander and Weissenborn, Dirk and Zhai, Xiaohua and Unterthiner, Thomas and Dehghani, Mostafa and Minderer, Matthias and Heigold, Georg and Gelly, Sylvain and others},
  journal={arXiv preprint arXiv:2010.11929},
  year={2020}
}

@article{tolstikhin2021mlp,
  title={Mlp-mixer: An all-mlp architecture for vision},
  author={Tolstikhin, Ilya O and Houlsby, Neil and Kolesnikov, Alexander and Beyer, Lucas and Zhai, Xiaohua and Unterthiner, Thomas and Yung, Jessica and Steiner, Andreas and Keysers, Daniel and Uszkoreit, Jakob and others},
  journal={Advances in neural information processing systems},
  volume={34},
  pages={24261--24272},
  year={2021}
}

@article{elsken2019neural,
  title={Neural architecture search: A survey},
  author={Elsken, Thomas and Metzen, Jan Hendrik and Hutter, Frank},
  journal={Journal of Machine Learning Research},
  volume={20},
  number={55},
  pages={1--21},
  year={2019}
}

@article{rumelhart1986learning,
  title={Learning representations by back-propagating errors},
  author={Rumelhart, David E and Hinton, Geoffrey E and Williams, Ronald J},
  journal={nature},
  volume={323},
  number={6088},
  pages={533--536},
  year={1986},
  publisher={Nature Publishing Group UK London}
}

@article{rosenblatt1958perceptron,
  title={The perceptron: a probabilistic model for information storage and organization in the brain.},
  author={Rosenblatt, Frank},
  journal={Psychological review},
  volume={65},
  number={6},
  pages={386},
  year={1958},
  publisher={American Psychological Association}
}

@article{zoph2016neural,
  title={Neural architecture search with reinforcement learning},
  author={Zoph, Barret and Le, Quoc V},
  journal={arXiv preprint arXiv:1611.01578},
  year={2016}
}

@inproceedings{he2016deep,
  title={Deep residual learning for image recognition},
  author={He, Kaiming and Zhang, Xiangyu and Ren, Shaoqing and Sun, Jian},
  booktitle={Proceedings of the IEEE conference on computer vision and pattern recognition},
  pages={770--778},
  year={2016}
}

@inproceedings{real2019regularized,
  title={Regularized evolution for image classifier architecture search},
  author={Real, Esteban and Aggarwal, Alok and Huang, Yanping and Le, Quoc V},
  booktitle={Proceedings of the aaai conference on artificial intelligence},
  volume={33},
  number={01},
  pages={4780--4789},
  year={2019}
}

@article{liu2018darts,
  title={Darts: Differentiable architecture search},
  author={Liu, Hanxiao and Simonyan, Karen and Yang, Yiming},
  journal={arXiv preprint arXiv:1806.09055},
  year={2018}
}

@article{han2015learning,
  title={Learning both weights and connections for efficient neural network},
  author={Han, Song and Pool, Jeff and Tran, John and Dally, William},
  journal={Advances in neural information processing systems},
  volume={28},
  year={2015}
}

@inproceedings{he2017channel,
  title={Channel pruning for accelerating very deep neural networks},
  author={He, Yihui and Zhang, Xiangyu and Sun, Jian},
  booktitle={Proceedings of the IEEE international conference on computer vision},
  pages={1389--1397},
  year={2017}
}

@article{frankle2018lottery,
  title={The lottery ticket hypothesis: Finding sparse, trainable neural networks},
  author={Frankle, Jonathan and Carbin, Michael},
  journal={arXiv preprint arXiv:1803.03635},
  year={2018}
}

@article{baker2016designing,
  title={Designing neural network architectures using reinforcement learning},
  author={Baker, Bowen and Gupta, Otkrist and Naik, Nikhil and Raskar, Ramesh},
  journal={arXiv preprint arXiv:1611.02167},
  year={2016}
}

@inproceedings{pham2018efficient,
  title={Efficient neural architecture search via parameters sharing},
  author={Pham, Hieu and Guan, Melody and Zoph, Barret and Le, Quoc and Dean, Jeff},
  booktitle={International conference on machine learning},
  pages={4095--4104},
  year={2018},
  organization={PMLR}
}

@article{cai2018proxylessnas,
  title={Proxylessnas: Direct neural architecture search on target task and hardware},
  author={Cai, Han and Zhu, Ligeng and Han, Song},
  journal={arXiv preprint arXiv:1812.00332},
  year={2018}
}

@inproceedings{chen2019progressive,
  title={Progressive differentiable architecture search: Bridging the depth gap between search and evaluation},
  author={Chen, Xin and Xie, Lingxi and Wu, Jun and Tian, Qi},
  booktitle={Proceedings of the IEEE/CVF international conference on computer vision},
  pages={1294--1303},
  year={2019}
}

@article{zela2019understanding,
  title={Understanding and robustifying differentiable architecture search},
  author={Zela, Arber and Elsken, Thomas and Saikia, Tonmoy and Marrakchi, Yassine and Brox, Thomas and Hutter, Frank},
  journal={arXiv preprint arXiv:1909.09656},
  year={2019}
}

@article{wistuba2019survey,
  title={A survey on neural architecture search},
  author={Wistuba, Martin and Rawat, Ambrish and Pedapati, Tejaswini},
  journal={arXiv preprint arXiv:1905.01392},
  year={2019}
}

@inproceedings{tan2019mnasnet,
  title={Mnasnet: Platform-aware neural architecture search for mobile},
  author={Tan, Mingxing and Chen, Bo and Pang, Ruoming and Vasudevan, Vijay and Sandler, Mark and Howard, Andrew and Le, Quoc V},
  booktitle={Proceedings of the IEEE/CVF conference on computer vision and pattern recognition},
  pages={2820--2828},
  year={2019}
}

@inproceedings{jin2019auto,
  title={Auto-keras: An efficient neural architecture search system},
  author={Jin, Haifeng and Song, Qingquan and Hu, Xia},
  booktitle={Proceedings of the 25th ACM SIGKDD international conference on knowledge discovery \& data mining},
  pages={1946--1956},
  year={2019}
}

@inproceedings{ying2019bench,
  title={Nas-bench-101: Towards reproducible neural architecture search},
  author={Ying, Chris and Klein, Aaron and Christiansen, Eric and Real, Esteban and Murphy, Kevin and Hutter, Frank},
  booktitle={International conference on machine learning},
  pages={7105--7114},
  year={2019},
  organization={PMLR}
}

@article{liu2017hierarchical,
  title={Hierarchical representations for efficient architecture search},
  author={Liu, Hanxiao and Simonyan, Karen and Vinyals, Oriol and Fernando, Chrisantha and Kavukcuoglu, Koray},
  journal={arXiv preprint arXiv:1711.00436},
  year={2017}
}

@inproceedings{xie2017genetic,
  title={Genetic cnn},
  author={Xie, Lingxi and Yuille, Alan},
  booktitle={Proceedings of the IEEE international conference on computer vision},
  pages={1379--1388},
  year={2017}
}

@misc{pwc_mnist_leaderboard,
  title = {MNIST Image Classification Leaderboard},
  howpublished = {\url{https://paperswithcode.com/sota/image-classification-on-mnist}},
}

@misc{pwc_cifar10_leaderboard,
  title        = {CIFAR‑10 – Image Classification Leaderboard},
  howpublished = {\url{https://paperswithcode.com/sota/image-classification-on-cifar-10}},
}

@misc{kaggle_covertype_leaderboard,
  title        = {Forest Cover Type Prediction | Kaggle Competition Leaderboard},
  howpublished = {\url{https://www.kaggle.com/c/forest-cover-type-kernels-only/leaderboard}},
}

@misc{pwc_20newsgroups_leaderboard,
  title        = {20 Newsgroups – Text Classification Leaderboard},
  howpublished = {\url{https://paperswithcode.com/sota/text-classification-on-20news}},
}

@misc{pwc_imdb_sota,
  title        = {IMDb – Sentiment Analysis Leaderboard},
  howpublished = {\url{https://paperswithcode.com/sota/sentiment-analysis-on-imdb}},
}